<?xml version="1.0" encoding="UTF-8"?><collection xmlns="http://www.loc.gov/MARC21/slim"><record><leader>00350nam--2200133-i-4500</leader><controlfield tag="001">000003944</controlfield><controlfield tag="002">20161230</controlfield><controlfield tag="005">20161230201025</controlfield><controlfield tag="008">060222s1000------------r-----000-0-eng-d</controlfield><datafield ind1=" " ind2=" " tag="080"><subfield code="a">621.369</subfield></datafield><datafield ind1=" " ind2=" " tag="100"><subfield code="a">Berman, A.Si Roth, A</subfield></datafield><datafield ind1=" " ind2=" " tag="245"><subfield code="a">Incalzirea si uscarea cu radiatii infrarosii</subfield></datafield><datafield ind1=" " ind2=" " tag="260"><subfield code="a">Bucuresti, Ed.Tehnica, 1957 252 P. + 2 Pl</subfield></datafield><datafield ind1=" " ind2=" " tag="852"><subfield code="a">4694</subfield></datafield></record></collection>